<?xml version="1.0" encoding="UTF-8"?><collection xmlns="http://www.loc.gov/MARC21/slim"><record><leader>00359nam--2200121-i-4500</leader><controlfield tag="001">000026249</controlfield><controlfield tag="002">20161230</controlfield><controlfield tag="005">20161230201036</controlfield><controlfield tag="008">060222s1000------------r-----000-0-eng-d</controlfield><datafield ind1=" " ind2=" " tag="080"><subfield code="a">537</subfield></datafield><datafield ind1=" " ind2=" " tag="245"><subfield code="a">Istructiuni 217-67 pentru verificarea compresoarelor de curent continuu. editie oficiala</subfield></datafield><datafield ind1=" " ind2=" " tag="260"><subfield code="a">Bucuresti, Of.De Stat Pt.Metrologie, 1968. 27p</subfield></datafield><datafield ind1=" " ind2=" " tag="852"><subfield code="a">29566</subfield></datafield></record></collection>